@inproceedings{adamaszek2012log,
  title={An O (log k)-competitive algorithm for generalized caching},
  author={Adamaszek, Anna and Czumaj, Artur and Englert, Matthias and R{\"a}cke, Harald},
  booktitle={Proceedings of the twenty-third annual ACM-SIAM symposium on Discrete algorithms},
  pages={1681--1689},
  year={2012},
  organization={Society for Industrial and Applied Mathematics}
}